@misc{github,
  author = {Eleftherios Ioannidis, Yiyun Liu},
  title = {{LSPASL in Coq}},
  howpublished = "\url{https://github.com/elefthei/separation-logic-2024}",
  year = {2024}, 
  note = "[Online; accessed 01-May-2024]"
}

@article{jung2018iris,
  title={Iris from the ground up: A modular foundation for higher-order concurrent separation logic},
  author={Jung, Ralf and Krebbers, Robbert and Jourdan, Jacques-Henri and Bizjak, Ale{\v{s}} and Birkedal, Lars and Dreyer, Derek},
  journal={Journal of Functional Programming},
  volume={28},
  pages={e20},
  year={2018},
  publisher={Cambridge University Press}
}

@article{pulte2023cn,
  title={CN: Verifying systems C code with separation-logic refinement types},
  author={Pulte, Christopher and Makwana, Dhruv C and Sewell, Thomas and Memarian, Kayvan and Sewell, Peter and Krishnaswami, Neel},
  journal={Proceedings of the ACM on Programming Languages},
  volume={7},
  number={POPL},
  pages={1--32},
  year={2023},
  publisher={ACM New York, NY, USA}
}

@inproceedings{hou2017proof,
  title={Proof tactics for assertions in separation logic},
  author={H{\'o}u, Zh{\'e} and San{\'a}n, David and Tiu, Alwen and Liu, Yang},
  booktitle={International Conference on Interactive Theorem Proving},
  pages={285--303},
  year={2017},
  organization={Springer}
}

@article{chargueraud2020separation,
  title={Separation logic for sequential programs (functional pearl)},
  author={Chargu{\'e}raud, Arthur},
  journal={Proceedings of the ACM on Programming Languages},
  volume={4},
  number={ICFP},
  pages={1--34},
  year={2020},
  publisher={ACM New York, NY, USA}
}

@inproceedings{calcagno2007local,
  title={Local action and abstract separation logic},
  author={Calcagno, Cristiano and O'Hearn, Peter W and Yang, Hongseok},
  booktitle={22nd Annual IEEE Symposium on Logic in Computer Science (LICS 2007)},
  pages={366--378},
  year={2007},
  organization={IEEE}
}

@inproceedings{bornat2005permission,
  title={Permission accounting in separation logic},
  author={Bornat, Richard and Calcagno, Cristiano and O'Hearn, Peter and Parkinson, Matthew},
  booktitle={Proceedings of the 32nd ACM SIGPLAN-SIGACT symposium on Principles of programming languages},
  pages={259--270},
  year={2005}
}

@inproceedings{sergey2015specifying,
  title={Specifying and verifying concurrent algorithms with histories and subjectivity},
  author={Sergey, Ilya and Nanevski, Aleksandar and Banerjee, Anindya},
  booktitle={Programming Languages and Systems: 24th European Symposium on Programming, ESOP 2015, Held as Part of the European Joint Conferences on Theory and Practice of Software, ETAPS 2015, London, UK, April 11-18, 2015, Proceedings 24},
  pages={333--358},
  year={2015},
  organization={Springer}
}


